@article{irshad2013genetic,
  title={Genetic Algorithm Works for Vectoring Image Outlines of Generic Shapes},
  author={Irshad, Misbah and Sarfraz, Muhammad and Hussain, Malik Zawwar},
  journal={Journal of Software Engineering and Applications},
  volume={6},
  number={07},
  pages={329},
  year={2013},
  publisher={Scientific Research Publishing}
}

@article{Matsakis:2014:RL:2692956.2663188,
 author = {Matsakis, Nicholas D. and Klock,II, Felix S.},
 title = {The Rust Language},
 journal = {Ada Lett.},
 issue_date = {December 2014},
 volume = {34},
 number = {3},
 month = oct,
 year = {2014},
 issn = {1094-3641},
 pages = {103--104},
 numpages = {2},
 url = {http://doi.acm.org/10.1145/2692956.2663188},
 doi = {10.1145/2692956.2663188},
 acmid = {2663188},
 publisher = {ACM},
 address = {New York, NY, USA},
 keywords = {affine type systems, memory management, rust, systems programming},
}

@inproceedings{rosten_2006_machine,
    title       =    "Machine learning for high-speed corner detection",
    author      =    "Edward Rosten and Tom Drummond",
    year        =    "2006",
    month       =    "May",
    pages       =    "430--443",
    volume      =    "1",
    doi         =    "10.1007/11744023_34",
    booktitle   =    "European Conference on Computer Vision",
    notes       =    "Poster presentation",
    url         =    "http://www.edwardrosten.com/work/rosten_2006_machine.pdf",
}

@misc{ wiki:bezier,
       author = "Wikipedia",
       title = "Curva de BÃ©zier --- Wikipedia{,} La enciclopedia libre",
       year = "2018",
       url = "https://es.wikipedia.org/w/index.php?title=Curva_de_B%C3%A9zier&oldid=109516040",
       note = "[Internet; descargado 29-octubre-2018]"
}

@misc{rcga,
  author = "S.D. Sudhoff",
  title = "Real-Coded Genetic Algorithms",
  year = "2007",
  url = "https://engineering.purdue.edu/~sudhoff/ee630/Lecture04.pdf"
  note = "[Internet; descargado 30-octubre-2018]"
}